2994 5146
236 483 266 542 j
339 436 446 528 22*-
552 483 553 487 ¹
641 417 1086 532 Ra1·itum-R0saefrutieis³
1119 435 1156 460 '²
1296 535 1302 560 N

336 648 424 724 rudi,
438 606 575 730 fruticis
597 653 629 708 et
649 647 726 708 vitis
747 640 900 706 notiones
923 641 962 706 ab
984 641 1172 708 auctoribus
1194 643 1282 722 male
1303 645 1364 714 erl-

218 805 220 812 ·
324 767 462 858 -positas
484 764 642 862 adhibui,
666 762 814 850 quamvis
838 762 949 828 trunci
968 783 1206 852 ramorumque
1228 766 1366 872 innixo

230 911 233 915 ’
337 907 421 957 rum
442 885 655 974 dispositione
676 865 879 972 perficiatur.

285 1073 287 1081 ,
341 1079 343 1084 χ
426 1007 559 1072 Caudex
595 1003 666 1071 sub
692 997 815 1070 ramuli
852 1003 976 1070 novelli
1013 1005 1120 1094 speeie
1154 1029 1198 1072 ex
1240 1008 1366 1111 semine
1401 1001 1434 1060 Ἴ

287 1188 293 1216 9
336 1150 521 1215 emergens,
555 1124 684 1192 fruticis
713 1136 831 1202 natura
860 1123 995 1214 jubente
1023 1149 1125 1213 aeque
1153 1151 1191 1192 oo
1209 1129 1299 1233 turio
1322 1150 1366 1194 ex

262 1301 264 1306 .
339 1247 479 1338 gemmis
500 1246 695 1312 radicalibus
716 1244 954 1334 propullulans,
986 1259 1086 1312 recte
1107 1229 1264 1352 assurgit,
1293 1248 1367 1348 ille

337 1347 516 1439 annotinus
536 1367 677 1466 gracilis,
706 1365 760 1431 hic
781 1365 921 1432 validior
953 1359 1063 1432 multo
1092 1369 1261 1456 magisque
1289 1379 1367 1434 tur-

341 1513 483 1579 gescens,
515 1497 575 1554 s'uo
605 1499 758 1576 tempore
786 1487 822 1552 in
849 1498 1006 1553 uuneum
1033 1489 1188 1554 immutat
1175 1501 1243 1572 tur,
1273 1491 1367 1556 adi-

340 1583 493 1676 rectione
514 1608 616 1676 semel
637 1619 728 1697 capta
757 1621 788 1674 et
818 1609 1014 1697 proceritate
1042 1608 1101 1676 vix
1131 1609 1195 1674 nisi
1222 1607 1366 1692 fortuito

198 1737 200 1745 ’
251 1771 254 1778 -
341 1728 495 1822 deflectit,
527 1731 679 1826 assurgit
714 1751 852 1818 prorsus
889 1729 1037 1816 (truncus
1083 1729 1222 1818 erectus)
1260 1753 1367 1818 eoque

340 1851 445 1938 magis
466 1850 687 1918 invalescit'et
708 1835 856 1936 erigitur,
889 1871 955 1935 quo
977 1848 1112 1916 laetiora
1134 1848 1261 1918 fuerint
1291 1849 1385 1930 {ruf

338 1972 413 2038 ticis
433 1971 628 2060 primordia,
658 1970 711 2040 vel
732 1995 749 2038 e
772 1969 936 2046 conuario
959 1942 1185 2036 imminuitur*
1200 1982 1233 2037 et
1254 1972 1366 2060 depri-

338 2093 457 2174 mitur,
481 2101 547 2179 qu'o
570 2091 674 2176 magis
695 2087 1001 2178 lruticis¹juvenilis
1022 2091 1118 2178 vigor
1139 2088 1297 2157 infractus
1311 2091 1365 2170 sit.

337 2213 425 2280 Hinc
448 2213 554 2276 trunci
576 2233 619 2276 ex
641 2209 991 2275 turionibusstriotius
1011 2211 1261 2297 assurgentibus,
1277 2207 1367 2298 'quin

269 2401 273 2404 ,
340 2331 460 2399 eodem
481 2331 613 2396 nonnisi
634 2353 720 2395 anno
743 2329 913 2420 orgyalem
934 2329 1003 2417 jam
1032 2315 1258 2402 adiicientibus
1282 2353 1366 2420 pro-

274 2483 277 2490 s
332 2430 511 2518 ceritatem
533 2443 745 2538 emergentes,
773 2450 910 2536 reliquis
931 2433 1137 2540 proceriores
1157 2443 1201 2518 'et
1230 2452 1367 2524 crassio-

336 2594 394 2640 res
417 2596 487 2640 esse
508 2571 617 2638 solent
635 2572 764 2654 (frater
786 2573 905 2656 Pan),
928 2571 1045 2642 aculeis
1067 2584 1099 2638 et
1127 2571 1310 2660 majoribus
1332 2581 1365 2638 et

342 2693 580 2782 copiosioribus
602 2691 832 2758 inhorrescunt
859 2694 971 2780 (spina
992 2695 1108 2778 Puta),
1142 2702 1270 2782 sponte,
1302 2691 1367 2756 nisi

340 2812 422 2880 falce
451 2807 704 2902 prohibeantur,
744 2811 1018 2880 bi-tricubitalem
1054 2812 1217 2904 attingunt
1255 2812 1374 2880 altitu-'

301 2921 304 2946 '
339 2935 452 3001 alinem
474 2935 573 3019 inque
597 2935 690 3021 digiti
712 2934 837 3012 molem
859 2934 1072 3018 invalescunt,
1096 2937 1130 3000 in
1151 2934 1259 3002 hortis
1277 2933 1367 3000 cultu

341 3065 375 3120 et
402 3054 466 3122 soli
496 3053 681 3120 conditione
711 3053 886 3118 commode
913 3052 1149 3135 accedentibus,
1182 3052 1264 3118 hanc
1285 3077 1368 3142 pro·

263 3196 270 3248 ι
316 3176 508 3241 -ceritatem
529 3195 599 3240 non
621 3175 731 3240 solum
753 3173 895 3238 retinent
918 3173 1072 3254 (frutices
1090 3179 1235 3256 procero]
1272 3176 1368 3250 bocla

261 3275 263 3280 Ι
341 3303 527 3384 staemmz‘ge
548 3299 675 3390 Busan)
698 3295 754 3360 sed
788 3272 928 3380 quoqubj
951 3292 997 3358 ita
1022 3303 1154 3380 augent,
1187 3301 1226 3356 ut
1254 3291 1368 3364 altitu-

342 3418 453 3484 dinem
474 3426 516 3486 20
529 3455 570 3496 -,
582 3425 624 3484 30
645 3414 794 3502 pedalem
809 3425 1029 3501 assequantur
1057 3424 1099 3478 et*
1121 3411 1368 3478 domiciliorum

341 3509 539 3628 patinarum
568 3547 650 3600 tecta
680 3535 836 3619 attingere
867 3557 902 3599 ac
937 3534 1038 3602 veluti
1074 3535 1281 3600 arborescere
1316 3535 1368 3599 vi·

342 3661 480 3728 deantur
502 3659 562 3742 (fr.
584 3637 833 3732 ardoreseentes,
856 3657 1058 3742 daumarta'ge
1080 3628 1216 3741 Rosea).
1259 3653 1369 3722 Fruti-
1400 3707 1426 3756 ι(

340 3803 394 3846 ces
415 3799 581 3868 proceros,
605 3773 663 3860 qui
684 3773 720 3838 in
741 3776 850 3842 sativis
866 3766 988 3842 suntet
1004 3760 1046 3842 ob
1068 3799 1216 3866 gemmas
1230 3775 1370 3842 alierum

342 3899 548 3964 nobiliorum
574 3894 685 3961 insitas
715 3895 857 3982 aliquam
885 3878 1095 3965 nobilitatem
1125 3897 1368 3980 nanciscuntur,

342 4018 411 4105 jam
439 4015 475 4078 in
502 4013 684 4081 hortorum
712 4016 836 4084 deliciis
868 4017 1152 4106 frequentioribus
1188 4020 1272 4086 sciet
1312 4018 1369 4105 qui

345 4158 422 4203 vero
464 4131 699 4226 arborescendo
745 4153 1002 4227 consenuerunt,
1055 4142 1153 4235 plane
1189 4149 1368 4207 rarescunt.
