2994 5146
236 441 239 452 ’
289 479 354 538 ,vs
432 497 445 516 x
749 429 929 533 Praefatio.

318 637 512 741 desperavit,
533 649 654 740 nuperi
668 641 756 718 ‘vero
776 649 865 718 male
885 648 1132 720 habitusnlieni
1148 664 1181 722 et
1194 657 1342 746 partium

155 767 156 776 ἵ
228 881 230 890 Ι
317 776 433 856 leviter
453 787 540 854 inter
560 811 596 856 se
617 788 862 856 desciscentium
883 788 951 857 fide
971 789 1136 858 obcoecati
1155 791 1193 860 iu
1213 807 1341 872 contra-

258 925 260 932 ’
317 927 403 992 riam
422 935 554 1016 partem
575 937 755 1010 verterunt,
778 928 935 1015 equidem·
951 925 1112 994 fruticum
1126 928 1342 1019 sylvestrium
1361 1021 1370 1036 x

318 1065 428 1132 studio
449 1053 511 1154 per'
533 1063 730 1129 decennium
750 1065 943 1132 continuato
971 1067 1197 1156 pensitetaque
1213 1041 1342 1136 ¹obser-

318 1204 448 1270 vatione
469 1195 644 1288 dispellere
665 1210 699 1266 et
720 1199 895 1266 eventilare
917 1215 1052 1272 cenatus
1073 1225 1160 1288 sum,
1183 1215 1272 1272 etex
1291 1204 1344 1272 his
1376 1233 1398 1266 ·.
1462 1261 1465 1272 .

318 1339 446 1422 studiis,
484 1313 688 1428 plantatione
715 1345 748 1402 et
777 1336 902 1404 satione
937 1337 1139 1406 confirmatis
1169 1341 1269 1432 didici
1296 1343 1346 1407 si-

318 1476 402 1559 mul,
424 1473 531 1541 nullas
553 1497 597 1542 ex
617 1473 732 1540 habitu
753 1449 892 1541 externe
915 1483 948 1541 et
967 1476 1116 1568 partium
1138 1477 1343 1566 singularum

319 1613 481 1698 examine,
503 1613 568 1702 pisi
588 1611 667 1680 scite
687 1612 895 1702 Naturaeque
909 1626 1129 1703 congruenter
1142 1617 1342 1703 instituatur,

318 1749 530 1818 fallaciarum
543 1750 657 1842 plene,
688 1751 876 1850 redundare
897 1763 1002 1839 notes,
1019 1739 1087 1822 ⁸sed
1108 1777 1233 1839 omnes,
1263 1762 1344 1844 quas

319 1899 466 1958 auctores
488 1891 676 1980 specierum
698 1886 927 1958 distinctarum
947 1891 1057 1960 titulis
1077 1891 1344 1986 promulgarunt,
1456 1931 1461 1942 ·

193 2069 197 2078 ·
319 2026 477 2115 stirpium
498 2049 524 2092 s.
544 2027 729 2116 specierum
748 2027 995 2118 primitivarum
1015 2026 1232 2116 paucularum
1253 2028 1347 2093 limi-

313 2176 368 2245 tes
390 2163 531 2250 salutare
554 2173 588 2230 et
614 2172 772 2228 notarum
796 2163 1017 2236 essentialium
1032 2174 1065 2234 et
1077 2163 1369 2232 inconcussarum·‘

319 2301 555 2370 communione
576 2289 664 2366 inter
689 2323 726 2366 se
749 2299 1002 2392 comprehendi.
1066 2301 1133 2368 Has
1154 2323 1245 2387 vero,
1278 2301 1346 2378 cire
1427 2345 1431 2351 -

317 2439 472 2507 ¹cumcisis
494 2437 566 2504 aliis
592 2437 679 2504 notis
707 2438 889 2506 levioribus
926 2439 1167 2529 expunctisque
1204 2440 1364 2508 varietan
1469 2433 1477 2440 ’

320 2575 421 2660 tibus,
443 2575 570 2642 lusibus
590 2585 625 2642 et
634 2568 798 2658 'monstris
821 2597 865 2644 ex
884 2577 1042 2668 stirpium
1063 2588 1170 2662 coetu,
1194 2577 1358 2668 exposui,
1409 2671 1412 2682 Ι

321 2723 429 2782 ratam
449 2713 655 2800 singularum
676 2715 823 2804 partium
852 2712 1126 2786 informationem
1147 2725 1181 2792 et
1202 2713 1347 2804 perfidos

293 2857 295 2866 “
322 2827 529 2918 deflexusin
551 2873 621 2938 cap.
642 2849 684 2917 H.
705 2851 877 2940 sigillatim
897 2853 1056 2944 enarravi,
1075 2815 1197 2920 novam
1210 2873 1348 2940 prorsus

323 2981 426 3054 Rosas
455 2983 675 3078 distribuendi
697 2969 735 3050 'et
762 2983 964 3052 describendi
992 2984 1124 3064 condidi
1151 2982 1349 3050 methodum

323 3146 425 3210 eaque
446 3131 528 3188 teste
550 3120 614 3188 rite
633 3121 841 3210 cognitarum
854 3141 1045 3207 numerum,
1068 3121 1127 3209 qui
1141 3119 1230 3210 apud
1251 3119 1348 3186 Lin-

205 3287 208 3302 ·
324 3281 471 3328 naenm
496 3265 548 3334 18,
571 3259 658 3349 apud
679 3257 945 3352 lllurrayium
966 3267 1020 3342 21,
1045 3259 1134 3352 apud
1160 3255 1386 3366 Willde-¹
1438 3347 1443 3362 '
1493 3281 1495 3306 ἢ

291 3417 292 3428 ’
324 3399 506 3468 ncwiurn
529 3403 584 3482 39,
618 3398 707 3487 apud
740 3397 1017 3466 Percennium
1039 3401 1093 3484 45,
1122 3397 1210 3486 ep'ud
1237 3376 1350 3492 Tho-7

323 3539 512 3626 ryum67‚
533 3535 865 3626 apudPoiretium
883 3537 937 3622 65,
954 3537 1043 3626 apud
1057 3535 1280 3602 Lemanum
1295 3541 1349 3620 80,

326 3676 416 3764 apud
437 3673 698 3764 Lindleyum
723 3679 795 3758 101,
816 3685 849 3742 et
870 3674 1012 3762 denique
1039 3672 1129 3764 apud
1150 3672 1349 3756 Trattin-

326 3811 517 3878 nickium
538 3817 602 3880 246
625 3811 748 3900 species
770 3811 1010 3902 complectitur,
1038 3811 1078 3878 ad
1100 3805 1218 3900 stirpe's
1236 3807 1351 3876 XXIV

296 3973 298 3978 ·
325 3950 486 4034 revocavi,
510 3952 694 4038 specierum
709 3950 1000 4040 suppositieiarum
1016 3947 1170 4016 chiliades
1185 3957 1294 4014 antem
1308 3945 1349 4012 ab
1442 4025 1445 4034 ‚

193 4105 203 4120 ·’
325 4087 590 4162 observatoribus
612 4075 858 4160 oculatissimis}
881 4087 1130 4171 Bastardio,
1152 4085 1349 4164 Bessero,
1414 4143 1417 4170 ,
